<record><leader>00000cas a22000007a 4500</leader><controlfield tag="001">10922542</controlfield><controlfield tag="008">840706d18951897ohuwr ne      0    0eng d</controlfield><datafield ind1=" " ind2=" " tag="010"><subfield code="a">sn 84028325 </subfield></datafield><datafield ind1=" " ind2=" " tag="040"><subfield code="a">NPY</subfield><subfield code="b">eng</subfield><subfield code="c">NPY</subfield><subfield code="d">ONP</subfield><subfield code="d">OCLCQ</subfield></datafield><datafield ind1=" " ind2=" " tag="042"><subfield code="a">msc</subfield></datafield><datafield ind1="0" ind2=" " tag="130"><subfield code="a">Oberlin news (Oberlin, Ohio : 1895)</subfield></datafield><datafield ind1="1" ind2="4" tag="245"><subfield code="a">The Oberlin news.</subfield></datafield><datafield ind1=" " ind2=" " tag="250"><subfield code="a">Mid-weekly ed.</subfield></datafield><datafield ind1=" " ind2=" " tag="260"><subfield code="a">Oberlin, Ohio :</subfield><subfield code="b">Pearce &amp; Randolph,</subfield><subfield code="c">1895-1897.</subfield></datafield><datafield ind1=" " ind2=" " tag="300"><subfield code="a">v.</subfield></datafield><datafield ind1=" " ind2=" " tag="310"><subfield code="a">Weekly</subfield></datafield><datafield ind1="0" ind2=" " tag="362"><subfield code="a">Vol. 36, no. 40 (Nov. 27, 1895); v. 36, no. 2 (Dec. 3, 1895)-v. 37, no. 47 (Jan. 12, 1897).</subfield></datafield><datafield ind1=" " ind2=" " tag="580"><subfield code="a">Issued concurrently with regular weekly edition but has its own numbering after the first issue.</subfield></datafield><datafield ind1=" " ind2=" " tag="752"><subfield code="a">United States</subfield><subfield code="b">Ohio</subfield><subfield code="c">Lorain</subfield><subfield code="d">Oberlin.</subfield></datafield><datafield ind1="1" ind2=" " tag="775"><subfield code="t">Oberlin news (Oberlin, Ohio : 1891)</subfield><subfield code="w">(DLC)sn 84028324</subfield></datafield></record>